<?xml version="1.0" encoding="UTF-8"?>
<SOAP-ENV:Envelope xmlns:SOAP-ENV="http://schemas.xmlsoap.org/soap/envelope/" xmlns:marcx="info:lc/xmlns/marcxchange-v1" xmlns:of="http://oss.dbc.dk/ns/openformat"><SOAP-ENV:Body><of:formatResponse><marcx:collection><marcx:record format="danMARC2" type="Bibliographic"><marcx:leader>00000c    2200000   4500</marcx:leader><marcx:datafield ind1="0" ind2="0" tag="001"><marcx:subfield code="a">ocm31427656</marcx:subfield><marcx:subfield code="b">WorldCat</marcx:subfield><marcx:subfield code="c">20140625051706</marcx:subfield><marcx:subfield code="d">19941219</marcx:subfield><marcx:subfield code="f">a</marcx:subfield></marcx:datafield><marcx:datafield ind1="0" ind2="0" tag="004"><marcx:subfield code="r">c</marcx:subfield><marcx:subfield code="a">e</marcx:subfield></marcx:datafield><marcx:datafield ind1="0" ind2="0" tag="008"><marcx:subfield code="t">m</marcx:subfield><marcx:subfield code="a">1993</marcx:subfield><marcx:subfield code="b">cn</marcx:subfield><marcx:subfield code="d">a</marcx:subfield><marcx:subfield code="d">y</marcx:subfield><marcx:subfield code="l">chi</marcx:subfield><marcx:subfield code="v">0</marcx:subfield></marcx:datafield><marcx:datafield ind1="0" ind2="0" tag="009"><marcx:subfield code="a">a</marcx:subfield><marcx:subfield code="g">xx</marcx:subfield></marcx:datafield><marcx:datafield ind1="0" ind2="0" tag="021"><marcx:subfield code="a">7805287600</marcx:subfield></marcx:datafield><marcx:datafield ind1="0" ind2="0" tag="021"><marcx:subfield code="e">9787805287607</marcx:subfield></marcx:datafield><marcx:datafield ind1="0" ind2="0" tag="036"><marcx:subfield code="a">   94453916</marcx:subfield></marcx:datafield><marcx:datafield ind1="0" ind2="0" tag="043"><marcx:subfield code="a">a-cc---</marcx:subfield><marcx:subfield code="a">a-kr---</marcx:subfield></marcx:datafield><marcx:datafield ind1="0" ind2="0" tag="050"><marcx:subfield code="a">DS740.5.K6</marcx:subfield><marcx:subfield code="b">Y37 1993</marcx:subfield></marcx:datafield><marcx:datafield ind1="0" ind2="0" tag="100"><marcx:subfield code="a">Yang</marcx:subfield><marcx:subfield code="h">Zhaoquan</marcx:subfield></marcx:datafield><marcx:datafield ind1="0" ind2="0" tag="245"><marcx:subfield code="a">Zhong Chao bian jie shi</marcx:subfield><marcx:subfield code="e">Yang Zhaoquan, Sun Yumei</marcx:subfield></marcx:datafield><marcx:datafield ind1="0" ind2="0" tag="250"><marcx:subfield code="a">Di 1 ban.</marcx:subfield></marcx:datafield><marcx:datafield ind1="0" ind2="0" tag="260"><marcx:subfield code="a">Changchun Shi</marcx:subfield><marcx:subfield code="b">Jilin wen shi chu ban she</marcx:subfield><marcx:subfield code="c">1993</marcx:subfield></marcx:datafield><marcx:datafield ind1="0" ind2="0" tag="300"><marcx:subfield code="a">9, 2, 632 s., [5] leaves of plates</marcx:subfield><marcx:subfield code="b">ill., maps (some folded)</marcx:subfield><marcx:subfield code="c">21 cm</marcx:subfield></marcx:datafield><marcx:datafield ind1="0" ind2="0" tag="440"><marcx:subfield code="a">Dongbei shi cong shu</marcx:subfield></marcx:datafield><marcx:datafield ind1="0" ind2="0" tag="526"><marcx:subfield code="i">Online version</marcx:subfield><marcx:subfield code="d">Yang, Zhaoquan</marcx:subfield><marcx:subfield code="t">Zhong Chao bian jie shi</marcx:subfield></marcx:datafield><marcx:datafield ind1="0" ind2="0" tag="532"><marcx:subfield code="a">Includes bibliographical references (p. 616-632)</marcx:subfield></marcx:datafield><marcx:datafield ind1="0" ind2="0" tag="559"><marcx:subfield code="a">"Guo jia she hui ke xue ji jin xiang mu"--t.p</marcx:subfield></marcx:datafield><marcx:datafield ind1="0" ind2="0" tag="650"><marcx:subfield code="a">Boundaries</marcx:subfield><marcx:subfield code="2">fast</marcx:subfield></marcx:datafield><marcx:datafield ind1="0" ind2="0" tag="650"><marcx:subfield code="a">Relations</marcx:subfield><marcx:subfield code="2">fast</marcx:subfield></marcx:datafield><marcx:datafield ind1="0" ind2="0" tag="651"><marcx:subfield code="a">China</marcx:subfield><marcx:subfield code="x">Relations</marcx:subfield><marcx:subfield code="z">Korea</marcx:subfield></marcx:datafield><marcx:datafield ind1="0" ind2="0" tag="651"><marcx:subfield code="a">Korea</marcx:subfield><marcx:subfield code="x">Relations</marcx:subfield><marcx:subfield code="z">China</marcx:subfield></marcx:datafield><marcx:datafield ind1="0" ind2="0" tag="651"><marcx:subfield code="a">China</marcx:subfield><marcx:subfield code="x">Boundaries</marcx:subfield><marcx:subfield code="z">Korea</marcx:subfield></marcx:datafield><marcx:datafield ind1="0" ind2="0" tag="651"><marcx:subfield code="a">Korea</marcx:subfield><marcx:subfield code="x">Boundaries</marcx:subfield><marcx:subfield code="z">China</marcx:subfield></marcx:datafield><marcx:datafield ind1="0" ind2="0" tag="651"><marcx:subfield code="a">China</marcx:subfield></marcx:datafield><marcx:datafield ind1="0" ind2="0" tag="651"><marcx:subfield code="a">Korea</marcx:subfield></marcx:datafield><marcx:datafield ind1="0" ind2="0" tag="700"><marcx:subfield code="a">Sun</marcx:subfield><marcx:subfield code="h">Yumei</marcx:subfield><marcx:subfield code="c">1950-</marcx:subfield></marcx:datafield><marcx:datafield ind1="0" ind2="0" tag="745"><marcx:subfield code="i">Colophon title also in pinyin</marcx:subfield><marcx:subfield code="a">Zhong Chao bien jie shi</marcx:subfield></marcx:datafield><marcx:datafield ind1="0" ind2="0" tag="840"><marcx:subfield code="a">Dongbei shi cong shu</marcx:subfield></marcx:datafield></marcx:record></marcx:collection></of:formatResponse></SOAP-ENV:Body></SOAP-ENV:Envelope>
